@inproceedings{borenstein1996gyrodometry,
  title={Gyrodometry: A new method for combining data from gyros and odometry in mobile robots},
  author={Borenstein, Johann and Feng, Liqiang},
  booktitle={Proceedings of IEEE International Conference on Robotics and Automation},
  volume={1},
  pages={423--428},
  year={1996},
  organization={IEEE}
}

@INPROCEEDINGS{5979641,  author={M. {Kaess} and H. {Johannsson} and R. {Roberts} and V. {Ila} and J. {Leonard} and F. {Dellaert}},  booktitle={2011 IEEE International Conference on Robotics and Automation},  title={iSAM2: Incremental smoothing and mapping with fluid relinearization and incremental variable reordering},   year={2011},  volume={},  number={},  pages={3281-3288},}

@article{hartley2018contact,
  title={Contact-aided invariant extended Kalman filtering for legged robot state estimation},
  author={Hartley, Ross and Jadidi, Maani Ghaffari and Grizzle, Jessy W and Eustice, Ryan M},
  journal={arXiv preprint arXiv:1805.10410},
  year={2018}
}

@inproceedings{cartographer,
title	= {Real-Time Loop Closure in 2D LIDAR SLAM},
author	= {Wolfgang Hess and Damon Kohler and Holger Rapp and Daniel Andor},
year	= {2016},
booktitle	= {2016 IEEE International Conference on Robotics and Automation (ICRA)},
pages	= {1271--1278}
}

@misc{ceres,
  author = "Sameer Agarwal and Keir Mierle and Others",
  title = "Ceres Solver",
  howpublished = "\url{http://ceres-solver.org}",
}

@misc{nclt,
    author = "Nicholas Carlevaris-Bianco, Arash Ushani and Ryan M. Eustice",
    title = "NCLT Dataset",
    howpublished = {\url{http://robots.engin.umich.edu/nclt/}} ,
    year=2012,
}

@misc{GregoryGIT,
    author = "Gregory Meyer",
    title = "https://github.com/Gregory-Meyer/csv-slam",
    howpublished = {\url{https://github.com/Gregory-Meyer/csv-slam}},
    year=2020,
}

@misc{ChaoGit,
  author = {Chao Chen},
  title = {Trajectory smoothing method github link},
  year = {2020},
  publisher = {GitHub},
  journal = {GitHub repository},
  howpublished = {\url{https://github.com/Joechencc/EECS-568-FInal-Project-code.git}},
}
